<?xml version="1.0" encoding="UTF-8"?><collection xmlns="http://www.loc.gov/MARC21/slim"><record><leader>00580nam--2200181-i-4500</leader><controlfield tag="001">000012823</controlfield><controlfield tag="002">20161230</controlfield><controlfield tag="005">20161230201030</controlfield><controlfield tag="008">060222s1000------------r-----000-0-fre-d</controlfield><datafield ind1=" " ind2=" " tag="040"><subfield code="a">IFIN-HH</subfield></datafield><datafield ind1=" " ind2=" " tag="041"><subfield code="a">fre</subfield></datafield><datafield ind1=" " ind2=" " tag="080"><subfield code="a">523.42:535.24(043)</subfield></datafield><datafield ind1="1" ind2=" " tag="100"><subfield code="a">Devaux, Claude</subfield></datafield><datafield ind1="1" ind2="0" tag="245"><subfield code="a">Contribution a l'etude de la couverture naugeuse de venus par l'analyse des mesures photometriques et des profils de flux solaire transmis</subfield><subfield code="b">These</subfield><subfield code="c">Claude devaux</subfield></datafield><datafield ind1=" " ind2=" " tag="260"><subfield code="a">Lille</subfield><subfield code="b">Universite Des Sciences</subfield><subfield code="c">1977</subfield></datafield><datafield ind1=" " ind2=" " tag="300"><subfield code="a">89P+ANEXE</subfield></datafield><datafield ind1=" " ind2=" " tag="852"><subfield code="a">46413</subfield><subfield code="c">523</subfield></datafield><datafield ind1=" " ind2=" " tag="CAT"><subfield code="a">Sys</subfield><subfield code="c">20141202</subfield><subfield code="h">180027</subfield></datafield></record></collection>